<collection xmlns="http://www.loc.gov/MARC21/slim">
<record>
  <leader>00530na 0a22001331i 450 </leader>
  <controlfield tag="001">IT\ICCU\CNCE\074855</controlfield>
  <controlfield tag="005">20091027000000.0</controlfield>
  <datafield tag="100" ind1=" " ind2=" ">
    <subfield code="a">20091027             0itac0103    ba</subfield>
  </datafield>
  <datafield tag="200" ind1="1" ind2=" ">
    <subfield code="a">De vera diluuij pronosticatione</subfield>
  </datafield>
  <datafield tag="700" ind1=" " ind2="1">
    <subfield code="a">Serravezza,</subfield>
    <subfield code="b">Michele</subfield>
    <subfield code="3">IT\ICCU\CNCA\013019</subfield>
  </datafield>
  <datafield tag="790" ind1=" " ind2="0">
    <subfield code="a">Michael</subfield>
    <subfield code="c"> : de#Petrasancta</subfield>
    <subfield code="3">IT\ICCU\CNCA\016233</subfield>
    <subfield code="z">Serravezza, Michele</subfield>
  </datafield>
  <datafield tag="790" ind1=" " ind2="1">
    <subfield code="a">Saravetius,</subfield>
    <subfield code="b">Michael</subfield>
    <subfield code="3">IT\ICCU\CNCA\025669</subfield>
    <subfield code="z">Serravezza, Michele</subfield>
  </datafield>
  <datafield tag="790" ind1=" " ind2="1">
    <subfield code="a">Petrasancta,</subfield>
    <subfield code="b">Michael : de</subfield>
    <subfield code="3">IT\ICCU\CNCA\025670</subfield>
    <subfield code="z">Serravezza, Michele</subfield>
  </datafield>
  <datafield tag="801" ind1=" " ind2="3">
    <subfield code="a">IT</subfield>
    <subfield code="b">ICCU</subfield>
    <subfield code="c">20201115</subfield>
  </datafield>
</record>
</collection>
